<record><leader>00000cas a22000007a 4500</leader><controlfield tag="001">31405640</controlfield><controlfield tag="008">941104d18941955vaudn ne      0    0eng d</controlfield><datafield ind1=" " ind2=" " tag="010"><subfield code="a">sn 94057944 </subfield></datafield><datafield ind1=" " ind2=" " tag="040"><subfield code="a">NYG</subfield><subfield code="b">eng</subfield><subfield code="c">NYG</subfield><subfield code="d">NVK</subfield><subfield code="d">OCLCQ</subfield><subfield code="d">OCLCF</subfield><subfield code="d">OCLCO</subfield></datafield><datafield ind1="1" ind2=" " tag="029"><subfield code="a">AU@</subfield><subfield code="b">000011358143</subfield></datafield><datafield ind1=" " ind2=" " tag="042"><subfield code="a">msc</subfield></datafield><datafield ind1=" " ind2=" " tag="043"><subfield code="a">n-us-va</subfield></datafield><datafield ind1="0" ind2=" " tag="130"><subfield code="a">Portsmouth star (Portsmouth, Va. : 1894)</subfield></datafield><datafield ind1="1" ind2="4" tag="245"><subfield code="a">The Portsmouth star.</subfield></datafield><datafield ind1=" " ind2=" " tag="260"><subfield code="a">Portsmouth, Va. :</subfield><subfield code="b">[s.n.],</subfield><subfield code="c">1894-1955.</subfield></datafield><datafield ind1=" " ind2=" " tag="300"><subfield code="a">v.</subfield></datafield><datafield ind1=" " ind2=" " tag="310"><subfield code="a">Daily,</subfield><subfield code="b">June 25, 1917-</subfield></datafield><datafield ind1=" " ind2=" " tag="321"><subfield code="a">Daily (except Sunday),</subfield><subfield code="b">1894-June 23, 1917</subfield></datafield><datafield ind1="0" ind2=" " tag="362"><subfield code="a">Vol. 1, no. 1 (Sept. 3, 1894)-v. 121, no. 93 (Apr. 3, 1955).</subfield></datafield><datafield ind1=" " ind2=" " tag="500"><subfield code="a">Special Historical and Industrial supplement edited and compiled by Albert E. Walker, Dec. 6, 1906.</subfield></datafield><datafield ind1=" " ind2=" " tag="500"><subfield code="a">Special Portsmouth Bicentennial ed., Sept. 28, 1952.</subfield></datafield><datafield ind1=" " ind2=" " tag="500"><subfield code="a">Publisher varies: Trugien &amp; Wilder, -Nov. 4, 1895 ; Paul C. Trugien, Nov. 5, 1895-&lt;1900&gt; ; Portsmouth Star Publishing Co., &lt;Jan.&gt;, 1900-</subfield></datafield><datafield ind1=" " ind2=" " tag="530"><subfield code="a">Available on microfilm from the Library of Virginia.</subfield></datafield><datafield ind1=" " ind2="0" tag="651"><subfield code="a">Portsmouth (Va.)</subfield><subfield code="v">Newspapers.</subfield></datafield><datafield ind1=" " ind2="7" tag="655"><subfield code="a">Newspapers.</subfield><subfield code="2">fast</subfield><subfield code="0">(OCoLC)fst01423814</subfield></datafield><datafield ind1=" " ind2="7" tag="651"><subfield code="a">Virginia</subfield><subfield code="z">Portsmouth.</subfield><subfield code="2">fast</subfield><subfield code="0">(OCoLC)fst01213398</subfield></datafield><datafield ind1=" " ind2=" " tag="752"><subfield code="a">United States</subfield><subfield code="b">Virginia</subfield><subfield code="d">Portsmouth.</subfield></datafield><datafield ind1="0" ind2="7" tag="785"><subfield code="t">Norfolk ledger-dispatch</subfield><subfield code="w">(DLC)sn 86064022</subfield></datafield><datafield ind1="0" ind2="7" tag="785"><subfield code="t">Norfolk ledger-dispatch, Portsmouth star</subfield><subfield code="w">(DLC)sn 96094169</subfield></datafield></record>